@misc{dataverse.org, url={https://guides.dataverse.org/en/latest/api/auth.html}, journal={Dataverse.org}, note = {\href{https://guides.dataverse.org/en/latest/api/auth.html}{API tokens and Authentication}}} 
 
 @misc{pages.github,  url={https://pages.github.com/}, journal={GitHub Pages},  note = {\href{https://pages.github.com}{Websites for you and your projects.}}} 
 
 @misc{CSS,  url={https://developer.mozilla.org/en-US/docs/Learn/CSS/First_steps/What_is_CSS}, journal={Learn web development | MDN},note = {\href{https://developer.mozilla.org/en-US/docs/Learn/CSS/First_steps/What_is_CSS}{What is CSS? - learn web development: MDN}}} 
 
 @misc{JS, url={https://developer.mozilla.org/en-US/docs/Learn/JavaScript/First_steps/What_is_JavaScript}, journal={Learn web development | MDN}, note = {\href{https://developer.mozilla.org/en-US/docs/Learn/JavaScript/First_steps/What_is_JavaScript}{What is javascript? - learn web development: MDN}}} 
 
 @misc{HTML, url={https://developer.mozilla.org/en-US/docs/Web/HTML}, journal={MDN Web Docs},note = {\href{https://developer.mozilla.org/en-US/docs/Web/HTML}{Hypertext Markup Language: MDN}}} 
 
 @misc{npoint.io, url={https://www.npoint.io/}, journal={npoint.io}, note = {\href{https://www.npoint.io}{JSON storage bins that won't break your app}}} 
 
 @misc{MIT, url={https://opensource.org/licenses/MIT}, journal={The MIT License | Open Source Initiative},note = {\href{https://opensource.org/licenses/MIT}{The MIT License}}, title ={The MIT License | Open Source Initiative} } 
 
 @misc{thornton_otto, url={https://getbootstrap.com/docs/5.0/getting-started/introduction/}, journal={Bootstrap v5.0}, author={Thornton, Jacob and Otto, Mark}, note = {\href{https://getbootstrap.com/docs/5.0/getting-started/introduction}{Introduction}}} 
 
 @misc{waseem_2022, url={https://managementhelp.org/waterfall-methodology}, journal={Management Library}, author={Waseem, Ahad}, year={2022}, month={Nov}, note = {\href{https://managementhelp.org/waterfall-methodology}{Waterfall methodology â€“ ultimate guide}}} 
 
 @misc{APIs, title={Using the fetch API - web apis: MDN}, url={https://developer.mozilla.org/en-US/docs/Web/API/Fetch_API/Using_Fetch}, journal={Web APIs | MDN}, note = {\href{https://developer.mozilla.org/en-US/docs/Web/API/Fetch_API/Using_Fetch}{Using the fetch API - web apis: MDN}}}
 

